<record><leader>00000cas a2200000 a 4500</leader><controlfield tag="001">10845775</controlfield><controlfield tag="008">840615d17971798vtuwr ne      0    0eng d</controlfield><datafield ind1=" " ind2=" " tag="010"><subfield code="a">sn 84023235 </subfield></datafield><datafield ind1=" " ind2=" " tag="040"><subfield code="a">AQM</subfield><subfield code="b">eng</subfield><subfield code="c">AQM</subfield><subfield code="d">NPX</subfield><subfield code="d">MGN</subfield><subfield code="d">NVN</subfield><subfield code="d">OCL</subfield><subfield code="d">OCLCG</subfield><subfield code="d">OCLCQ</subfield><subfield code="d">OCLCF</subfield><subfield code="d">OCLCO</subfield></datafield><datafield ind1=" " ind2=" " tag="042"><subfield code="a">msc</subfield></datafield><datafield ind1=" " ind2=" " tag="043"><subfield code="a">n-us-vt</subfield></datafield><datafield ind1="0" ind2=" " tag="130"><subfield code="a">Argus (Putney, Vt.)</subfield></datafield><datafield ind1="1" ind2="4" tag="245"><subfield code="a">The Argus.</subfield></datafield><datafield ind1="1" ind2="3" tag="246"><subfield code="a">Putney Argus</subfield></datafield><datafield ind1=" " ind2=" " tag="260"><subfield code="a">Putney, Vt. :</subfield><subfield code="b">Cornelius Sturtevant, Jr. &amp; Co.</subfield></datafield><datafield ind1=" " ind2=" " tag="300"><subfield code="a">v.</subfield></datafield><datafield ind1=" " ind2=" " tag="310"><subfield code="a">Weekly</subfield></datafield><datafield ind1="1" ind2=" " tag="362"><subfield code="a">Began Jan. 12, 1797? Ceased in Oct. 1798.</subfield></datafield><datafield ind1=" " ind2=" " tag="588"><subfield code="a">Description based on: Vol. 1, no. 10 (Mar. 16, 1797).</subfield></datafield><datafield ind1=" " ind2="0" tag="651"><subfield code="a">Putney (Vt.)</subfield><subfield code="v">Newspapers.</subfield></datafield><datafield ind1=" " ind2="0" tag="651"><subfield code="a">Vermont</subfield><subfield code="v">Newspapers.</subfield></datafield><datafield ind1=" " ind2="7" tag="655"><subfield code="a">Newspapers.</subfield><subfield code="2">fast</subfield><subfield code="0">(OCoLC)fst01423814</subfield></datafield><datafield ind1=" " ind2="7" tag="651"><subfield code="a">Vermont.</subfield><subfield code="2">fast</subfield><subfield code="0">(OCoLC)fst01204305</subfield></datafield><datafield ind1=" " ind2="7" tag="651"><subfield code="a">Vermont</subfield><subfield code="z">Putney.</subfield><subfield code="2">fast</subfield><subfield code="0">(OCoLC)fst01228136</subfield></datafield><datafield ind1="1" ind2=" " tag="700"><subfield code="a">Sturtevant, Cornelius,</subfield><subfield code="d">1771-1821.</subfield></datafield><datafield ind1=" " ind2=" " tag="752"><subfield code="a">United States</subfield><subfield code="b">Vermont</subfield><subfield code="c">Windham</subfield><subfield code="d">Putney.</subfield></datafield><datafield ind1="0" ind2="0" tag="785"><subfield code="t">Putney Argus</subfield><subfield code="w">(DLC)sn 94055790</subfield><subfield code="w">(OCoLC)30708701</subfield></datafield></record>